@article{jelly,
    author = {Recht, Benjamin and R{\'{e}}, Christopher},
    journal = {submitted},
    posted-at = {2011-07-04 10:29:27},
    priority = {2},
    title = {{Parallel Stochastic Gradient Algorithms for Large-Scale Matrix Completion}},
    year = {2011}
}


@article{koren,
 author = {Koren, Yehuda and Bell, Robert and Volinsky, Chris},
 title = {Matrix Factorization Techniques for Recommender Systems},
 journal = {Computer},
 issue_date = {August 2009},
 volume = {42},
 number = {8},
 month = aug,
 year = {2009},
 issn = {0018-9162},
 pages = {30--37},
 publisher = {IEEE Computer Society Press},
}


@inproceedings{gemulla_distri,
  author = {Gemulla, Rainer and Nijkamp, Erik and Haas, Peter J. and Sismanis, Yannis},
  booktitle = {KDD},
  editor = {Apté, Chid and Ghosh, Joydeep and Smyth, Padhraic},
  pages = {69-77},
  publisher = {ACM},
  title = {Large-scale matrix factorization with distributed stochastic gradient descent.},
  year = 2011
}


@INPROCEEDINGS{bottou,
    author = {Léon Bottou and Olivier Bousquet},
    title = { The tradeoffs of large scale learning},
    booktitle = {IN: ADVANCES IN NEURAL INFORMATION PROCESSING SYSTEMS 20},
    year = {2008},
    pages = {161--168},
    publisher = {}
}

@inproceedings{bottouSGD,
  author = {Léon Bottou},
  title = {Large-Scale Machine Learning with Stochastic Gradient Descent},
  year = {2010},
  booktitle = {Proceedings of the 19th International Conference on Computational Statistics (COMPSTAT'2010)},
  editor = {Lechevallier, Yves and Saporta, Gilbert},
  address = {Paris, France},
  month = {August},
  publisher = {Springer},
  pages = {177--187}
}

@INPROCEEDINGS{nedic,
    author = {Angelia Nedic and Dimitri Bertsekas},
    title = {Convergence Rate of Incremental Subgradient Algorithms},
    booktitle = {Stochastic Optimization: Algorithms and Applications},
    year = {2000},
    pages = {263--304},
    publisher = {Kluwer}
}


@article{Nedic_base,
 author = {Nedic, Angelia and Bertsekas, Dimitri P.},
 title = {Incremental Subgradient Methods for Nondifferentiable Optimization},
 journal = {SIAM J. on Optimization},
 issue_date = {2001},
 volume = {12},
 number = {1},
 month = jan,
 year = {2001},
 issn = {1052-6234},
 pages = {109--138},
 numpages = {30},
 publisher = {Society for Industrial and Applied Mathematics},
 address = {Philadelphia, PA, USA}
} 

@ONLINE{blog,
author = {Clarke, Ian},
title = {Netflix Prize -- Is RMSE a good measurement ?},
month = Dec,
year = {2007},
url = {http://blog.locut.us/2007/12/17/netflix-prize-is-rmse-a-good-measurement/}
}